@inproceedings{lai2016friends,
  title={Friends and enemies of Clinton and Trump: using context for detecting stance in political tweets},
  author={Lai, Mirko and Far{\'\i}as, Delia Iraz{\'u} Hern{\'a}ndez and Patti, Viviana and Rosso, Paolo},
  booktitle={Mexican International Conference on Artificial Intelligence},
  pages={155--168},
  year={2016},
  organization={Springer}
}

@inproceedings{johnson2016identifying,
  title={Identifying stance by analyzing political discourse on twitter},
  author={Johnson, Kristen and Goldwasser, Dan},
  booktitle={Proceedings of the First Workshop on NLP and Computational Social Science},
  pages={66--75},
  year={2016}
}

@inproceedings{irsoy2014opinion,
  title={Opinion mining with deep recurrent neural networks},
  author={Irsoy, Ozan and Cardie, Claire},
  booktitle={Proceedings of the 2014 conference on empirical methods in natural language processing (EMNLP)},
  pages={720--728},
  year={2014}
}
@inproceedings{mikolov2013distributed,
  title={Distributed representations of words and phrases and their compositionality},
  author={Mikolov, Tomas and Sutskever, Ilya and Chen, Kai and Corrado, Greg S and Dean, Jeff},
  booktitle={Advances in neural information processing systems},
  pages={3111--3119},
  year={2013}
}

@article{mikolov2013efficient,
  title={Efficient estimation of word representations in vector space},
  author={Mikolov, Tomas and Chen, Kai and Corrado, Greg and Dean, Jeffrey},
  journal={arXiv preprint arXiv:1301.3781},
  year={2013}
}

@inproceedings{sutskever2014sequence,
  title={Sequence to sequence learning with neural networks},
  author={Sutskever, Ilya and Vinyals, Oriol and Le, Quoc V},
  booktitle={Advances in neural information processing systems},
  pages={3104--3112},
  year={2014}
}
@article{mohammad2017stance,
  title={Stance and sentiment in tweets},
  author={Mohammad, Saif M and Sobhani, Parinaz and Kiritchenko, Svetlana},
  journal={ACM Transactions on Internet Technology (TOIT)},
  volume={17},
  number={3},
  pages={26},
  year={2017},
  publisher={ACM}
}