@inproceedings{lai2016friends,
  title={Friends and enemies of Clinton and Trump: using context for detecting stance in political tweets},
  author={Lai, Mirko and Far{\'\i}as, Delia Iraz{\'u} Hern{\'a}ndez and Patti, Viviana and Rosso, Paolo},
  booktitle={Mexican International Conference on Artificial Intelligence},
  pages={155--168},
  year={2016},
  organization={Springer}
}

@inproceedings{johnson2016identifying,
  title={Identifying stance by analyzing political discourse on twitter},
  author={Johnson, Kristen and Goldwasser, Dan},
  booktitle={Proceedings of the First Workshop on NLP and Computational Social Science},
  pages={66--75},
  year={2016}
}

@inproceedings{irsoy2014opinion,
  title={Opinion mining with deep recurrent neural networks},
  author={Irsoy, Ozan and Cardie, Claire},
  booktitle={Proceedings of the 2014 conference on empirical methods in natural language processing (EMNLP)},
  pages={720--728},
  year={2014}
}
@inproceedings{mikolov2013distributed,
  title={Distributed representations of words and phrases and their compositionality},
  author={Mikolov, Tomas and Sutskever, Ilya and Chen, Kai and Corrado, Greg S and Dean, Jeff},
  booktitle={Advances in neural information processing systems},
  pages={3111--3119},
  year={2013}
}

@article{mikolov2013efficient,
  title={Efficient estimation of word representations in vector space},
  author={Mikolov, Tomas and Chen, Kai and Corrado, Greg and Dean, Jeffrey},
  journal={arXiv preprint arXiv:1301.3781},
  year={2013}
}

@inproceedings{sutskever2014sequence,
  title={Sequence to sequence learning with neural networks},
  author={Sutskever, Ilya and Vinyals, Oriol and Le, Quoc V},
  booktitle={Advances in neural information processing systems},
  pages={3104--3112},
  year={2014}
}
@article{mohammad2017stance,
  title={Stance and sentiment in tweets},
  author={Mohammad, Saif M and Sobhani, Parinaz and Kiritchenko, Svetlana},
  journal={ACM Transactions on Internet Technology (TOIT)},
  volume={17},
  number={3},
  pages={26},
  year={2017},
  publisher={ACM}
}

@inproceedings{thomas2006get,
  title={Get out the vote: Determining support or opposition from Congressional floor-debate transcripts},
  author={Thomas, Matt and Pang, Bo and Lee, Lillian},
  booktitle={Proceedings of the 2006 conference on empirical methods in natural language processing},
  pages={327--335},
  year={2006},
  organization={Association for Computational Linguistics}
}

@article{bansal2008power,
  title={The power of negative thinking: Exploiting label disagreement in the min-cut classification framework},
  author={Bansal, Mohit and Cardie, Claire and Lee, Lillian},
  journal={COLING 2008: Companion Volume: Posters},
  pages={15--18},
  year={2008}
}

@inproceedings{somasundaran2009recognizing,
  title={Recognizing stances in online debates},
  author={Somasundaran, Swapna and Wiebe, Janyce},
  booktitle={Proceedings of the Joint Conference of the 47th Annual Meeting of the ACL and the 4th International Joint Conference on Natural Language Processing of the AFNLP: Volume 1-Volume 1},
  pages={226--234},
  year={2009},
  organization={Association for Computational Linguistics}
}

@inproceedings{murakami2010support,
  title={Support or oppose?: classifying positions in online debates from reply activities and opinion expressions},
  author={Murakami, Akiko and Raymond, Rudy},
  booktitle={Proceedings of the 23rd International Conference on Computational Linguistics: Posters},
  pages={869--875},
  year={2010},
  organization={Association for Computational Linguistics}
}

@inproceedings{anand2011cats,
  title={Cats rule and dogs drool!: Classifying stance in online debate},
  author={Anand, Pranav and Walker, Marilyn and Abbott, Rob and Tree, Jean E Fox and Bowmani, Robeson and Minor, Michael},
  booktitle={Proceedings of the 2nd workshop on computational approaches to subjectivity and sentiment analysis},
  pages={1--9},
  year={2011},
  organization={Association for Computational Linguistics}
}

@inproceedings{walker2012stance,
  title={Stance classification using dialogic properties of persuasion},
  author={Walker, Marilyn A and Anand, Pranav and Abbott, Robert and Grant, Ricky},
  booktitle={Proceedings of the 2012 Conference of the North American Chapter of the Association for Computational Linguistics: Human Language Technologies},
  pages={592--596},
  year={2012},
  organization={Association for Computational Linguistics}
}
@inproceedings{volkova2015inferring,
  title={Inferring latent user properties from texts published in social media},
  author={Volkova, Svitlana and Bachrach, Yoram and Armstrong, Michael and Sharma, Vijay},
  booktitle={Twenty-Ninth AAAI Conference on Artificial Intelligence},
  year={2015}
}

@inproceedings{lukasik2016hawkes,
  title={Hawkes processes for continuous time sequence classification: an application to rumour stance classification in twitter},
  author={Lukasik, Michal and Srijith, PK and Vu, Duy and Bontcheva, Kalina and Zubiaga, Arkaitz and Cohn, Trevor},
  booktitle={Proceedings of the 54th Annual Meeting of the Association for Computational Linguistics (Volume 2: Short Papers)},
  volume={2},
  pages={393--398},
  year={2016}
}

@article{zubiaga2016stance,
  title={Stance classification in rumours as a sequential task exploiting the tree structure of social media conversations},
  author={Zubiaga, Arkaitz and Kochkina, Elena and Liakata, Maria and Procter, Rob and Lukasik, Michal},
  journal={arXiv preprint arXiv:1609.09028},
  year={2016}
}

@inproceedings{dey2018topical,
  title={Topical Stance Detection for Twitter: A Two-Phase LSTM Model Using Attention},
  author={Dey, Kuntal and Shrivastava, Ritvik and Kaushik, Saroj},
  booktitle={European Conference on Information Retrieval},
  pages={529--536},
  year={2018},
  organization={Springer}
}

@inproceedings{addawood2017stance,
  title={Stance classification of twitter debates: The encryption debate as a use case},
  author={Addawood, Aseel and Schneider, Jodi and Bashir, Masooda},
  booktitle={Proceedings of the 8th International Conference on Social Media \& Society},
  pages={2},
  year={2017},
  organization={ACM}
}

@inproceedings{mohammad2016semeval,
  title={Semeval-2016 task 6: Detecting stance in tweets},
  author={Mohammad, Saif and Kiritchenko, Svetlana and Sobhani, Parinaz and Zhu, Xiaodan and Cherry, Colin},
  booktitle={Proceedings of the 10th International Workshop on Semantic Evaluation (SemEval-2016)},
  pages={31--41},
  year={2016}
}

@article{zarrella2016mitre,
  title={Mitre at semeval-2016 task 6: Transfer learning for stance detection},
  author={Zarrella, Guido and Marsh, Amy},
  journal={arXiv preprint arXiv:1606.03784},
  year={2016}
}

@inproceedings{wei2016pkudblab,
  title={pkudblab at semeval-2016 task 6: A specific convolutional neural network system for effective stance detection},
  author={Wei, Wan and Zhang, Xiao and Liu, Xuqin and Chen, Wei and Wang, Tengjiao},
  booktitle={Proceedings of the 10th International Workshop on Semantic Evaluation (SemEval-2016)},
  pages={384--388},
  year={2016}
}

@article{vijayaraghavan2016deepstance,
  title={Deepstance at semeval-2016 task 6: Detecting stance in tweets using character and word-level cnns},
  author={Vijayaraghavan, Prashanth and Sysoev, Ivan and Vosoughi, Soroush and Roy, Deb},
  journal={arXiv preprint arXiv:1606.05694},
  year={2016}
}

@article{augenstein2016stance,
  title={Stance detection with bidirectional conditional encoding},
  author={Augenstein, Isabelle and Rockt{\"a}schel, Tim and Vlachos, Andreas and Bontcheva, Kalina},
  journal={arXiv preprint arXiv:1606.05464},
  year={2016}
}


@article{sun2019stance,
  title={Stance detection via sentiment information and neural network model},
  author={Sun, Qingying and Wang, Zhongqing and Li, Shoushan and Zhu, Qiaoming and Zhou, Guodong},
  journal={Frontiers of Computer Science},
  volume={13},
  number={1},
  pages={127--138},
  year={2019},
  publisher={Springer}
}

@inproceedings{wojatzki2016ltl,
  title={ltl. uni-due at semeval-2016 task 6: Stance detection in social media using stacked classifiers},
  author={Wojatzki, Michael and Zesch, Torsten},
  booktitle={Proceedings of the 10th International Workshop on Semantic Evaluation (SemEval-2016)},
  pages={428--433},
  year={2016}
}